%% This BibTeX bibliography file was created using BibDesk.
%% http://bibdesk.sourceforge.net/


%% Created for Serge Egelman at 2015-03-03 21:20:44 -0800 


%% Saved with string encoding Unicode (UTF-8) 



@book{Fleiss2003,
	Author = {Joseph L. Fleiss and Bruce Levin and Myunghee Cho Paik},
	Date-Added = {2015-03-04 05:19:09 +0000},
	Date-Modified = {2015-03-04 05:20:39 +0000},
	Edition = {3rd Edition},
	Publisher = {John Wiley \& Sons, Inc.},
	Title = {Statistical Methods for Rates and Proportions},
	Year = {2003}}

@article{prabhakar2003biometric,
	Author = {Prabhakar, Salil and Pankanti, Sharath and Jain, Anil K},
	Journal = {IEEE Security \& Privacy},
	Number = {2},
	Pages = {33--42},
	Publisher = {IEEE Computer Society},
	Title = {Biometric recognition: Security and privacy concerns},
	Volume = {1},
	Year = {2003}}

@misc{1_digital_trends_2014,
	Author = {Digital Trends},
	Title = {Smart rings, fiber-optic fabrics, and more wearable tech trends coming in 2015},
	Url = {http://www.digitaltrends.com/wearables/5-awesome-wearable-trends-coming-in-2015/},
	Year = {2014},
	Bdsk-Url-1 = {http://www.digitaltrends.com/wearables/5-awesome-wearable-trends-coming-in-2015/}}

@misc{2_arthur_2014,
	Author = {Arthur, Charles},
	Journal = {the Guardian},
	Title = {2015 will be the year wearable tech gets under the skin},
	Url = {http://www.theguardian.com/technology/2014/dec/09/wearable-tech-health-smartwatches-apple},
	Year = {2014},
	Bdsk-Url-1 = {http://www.theguardian.com/technology/2014/dec/09/wearable-tech-health-smartwatches-apple}}

@misc{1_russell_2014,
	Author = {Russell, Kyle},
	Journal = {Business Insider},
	Title = {I Was Assaulted For Wearing Google Glass In The Wrong Part Of San Francisco},
	Url = {http://www.businessinsider.com/i-was-assaulted-for-wearing-google-glass-2014-4},
	Year = {2014},
	Bdsk-Url-1 = {http://www.businessinsider.com/i-was-assaulted-for-wearing-google-glass-2014-4}}

@misc{2_google_2014,
	Author = {Google.com},
	Title = {How it Looks -- Google Glass},
	Url = {https://www.google.com/intl/en/glass/start/how-it-looks/},
	Year = {2014},
	Bdsk-Url-1 = {https://www.google.com/intl/en/glass/start/how-it-looks/}}

@misc{3_sony_global_2014,
	Author = {Sony Global - Sony Global Headquarters},
	Title = {Sony Announces the Development of a Compact, Lightweight Single-Lens Display Module with OLED Technology That Enables Superior Image Quality},
	Url = {http://www.sony.net/SonyInfo/News/Press/201412/14-118E/index.html},
	Year = {2014},
	Bdsk-Url-1 = {http://www.sony.net/SonyInfo/News/Press/201412/14-118E/index.html}}

@misc{4_ringly_2014,
	Author = {Ringly.com},
	Title = {RINGLY | Smart Jewelry and Accessories},
	Url = {https://ringly.com/},
	Year = {2014},
	Bdsk-Url-1 = {https://ringly.com/}}

@misc{5_intel_2014,
	Author = {Intel},
	Title = {Beauty Meets Intelligence with MICA, by Opening Ceremony and Intel},
	Url = {http://www.intel.com/content/www/us/en/wearables/fashion-technology.html},
	Year = {2014},
	Bdsk-Url-1 = {http://www.intel.com/content/www/us/en/wearables/fashion-technology.html}}

@misc{6_fitbit_2014,
	Author = {Fitbit.com},
	Title = {Fitbit Official Site for Activity Trackers \& More},
	Url = {http://www.fitbit.com/},
	Year = {2014},
	Bdsk-Url-1 = {http://www.fitbit.com/}}

@misc{7_time_2014,
	Author = {TIME.com},
	Title = {26 Fitness Trackers Ranked from Worst to First},
	Url = {http://time.com/516/26-fitness-trackers-ranked-from-worst-to-first/},
	Year = {2014},
	Bdsk-Url-1 = {http://time.com/516/26-fitness-trackers-ranked-from-worst-to-first/}}

@misc{pebble_smartwatch_2014,
	Author = {Pebble and Pebble Steel Smartwatch},
	Title = {Pebble Smartwatch},
	Url = {https://getpebble.com/},
	Year = {2014},
	Bdsk-Url-1 = {https://getpebble.com/}}

@misc{9_verge_2014,
	Author = {The Verge},
	Title = {The best wearables of CES 2014},
	Url = {http://www.theverge.com/2014/1/7/5284144/the-best-wearables-of-ces-2014-stream},
	Year = {2014},
	Bdsk-Url-1 = {http://www.theverge.com/2014/1/7/5284144/the-best-wearables-of-ces-2014-stream}}

@misc{10_readwrite_2014,
	Author = {Readwrite.com},
	Url = {http://readwrite.com/2014/02/10/10-cool-things-a-pebble-smartwatch-can-do},
	Year = {2014},
	Bdsk-Url-1 = {http://readwrite.com/2014/02/10/10-cool-things-a-pebble-smartwatch-can-do}}

@misc{11_wikipedia_2015,
	Author = {Wikipedia},
	Title = {Google Glass},
	Url = {http://en.wikipedia.org/wiki/Google_Glass},
	Year = {2015},
	Bdsk-Url-1 = {http://en.wikipedia.org/wiki/Google_Glass}}

@misc{12_turi_2014,
	Author = {Turi, Jon},
	Journal = {Engadget},
	Title = {The top 9 wearables you can buy right now},
	Url = {http://www.engadget.com/2014/07/30/the-top-9-wearables-on-you-can-buy-right-now/},
	Year = {2014},
	Bdsk-Url-1 = {http://www.engadget.com/2014/07/30/the-top-9-wearables-on-you-can-buy-right-now/}}

@misc{13_google_2015,
	Author = {Google.com},
	Title = {Google Glass},
	Url = {http://www.google.com/glass/start/},
	Year = {2015},
	Bdsk-Url-1 = {http://www.google.com/glass/start/}}

@misc{14_dvorak_2014,
	Author = {Dvorak, John},
	Journal = {PCMag UK},
	Title = {Rest in Peace, Google Glass: 2012-2014},
	Url = {http://uk.pcmag.com/wearable-tech/36416/opinion/rest-in-peace-google-glass-2012-2014},
	Year = {2014},
	Bdsk-Url-1 = {http://uk.pcmag.com/wearable-tech/36416/opinion/rest-in-peace-google-glass-2012-2014}}

@misc{15_mashable_2014,
	Author = {Mashable},
	Title = {Woman Robbed, Assaulted for Wearing Google Glass in a Bar},
	Url = {http://mashable.com/2014/02/26/google-glass-assault/},
	Year = {2014},
	Bdsk-Url-1 = {http://mashable.com/2014/02/26/google-glass-assault/}}

@misc{16_gross_2014,
	Author = {Doug Gross, CNN},
	Journal = {CNN},
	Title = {Google Glass targeted as symbol by anti-tech crowd - CNN.com},
	Url = {http://www.cnn.com/2014/04/14/tech/mobile/google-glass-attack/},
	Year = {2014},
	Bdsk-Url-1 = {http://www.cnn.com/2014/04/14/tech/mobile/google-glass-attack/}}

@misc{17_matyszczyk_2014,
	Author = {Matyszczyk, Chris},
	Journal = {CNET},
	Title = {Journalist: I was assaulted on street for wearing Google Glass - CNET},
	Url = {http://www.cnet.com/news/journalist-i-was-assaulted-on-street-for-wearing-google-glass/},
	Year = {2014},
	Bdsk-Url-1 = {http://www.cnet.com/news/journalist-i-was-assaulted-on-street-for-wearing-google-glass/}}

@misc{18_google_2015,
	Author = {Google.com},
	Title = {Google Trends - Web Search interest - Worldwide, 2004 - present},
	Url = {http://www.google.com/trends/explore#q=Glasshole},
	Year = {2015},
	Bdsk-Url-1 = {http://www.google.com/trends/explore#q=Glasshole}}

@article{varian2005demographics,
	Author = {Varian, Hal R and Wallenberg, Fredrik and Woroch, Glenn},
	Date-Added = {2015-01-07 00:53:18 +0000},
	Date-Modified = {2015-01-07 00:53:18 +0000},
	Journal = {IEEE Security \& Privacy},
	Number = {1},
	Pages = {34--39},
	Title = {The Demographics of the Do-Not-Call List.},
	Volume = {3},
	Year = {2005}}

@article{camp2000internet,
	Author = {Camp, Jean and Chien, YT},
	Journal = {ACM SIGCAS Computers and Society},
	Number = {3},
	Pages = {13--19},
	Publisher = {ACM},
	Title = {The internet as public space: concepts, issues, and implications in public policy},
	Volume = {30},
	Year = {2000}}

@incollection{camp2003designing,
	Author = {Camp, L Jean},
	Booktitle = {Trust, Reputation, and Security: Theories and Practice},
	Pages = {15--29},
	Publisher = {Springer},
	Title = {Designing for trust},
	Year = {2003}}

@article{scholtz2004toward,
	Author = {Scholtz, Jean and Consolvo, Sunny},
	Journal = {Pervasive Computing, IEEE},
	Number = {2},
	Pages = {82--88},
	Publisher = {IEEE},
	Title = {Toward a Framework for Evaluating Ubiquitous Computing Applications},
	Volume = {3},
	Year = {2004}}

@article{jensen2005privacy,
	Author = {Jensen, Carlos and Potts, Colin and Jensen, Christian},
	Journal = {International Journal of Human-Computer Studies},
	Number = {1},
	Pages = {203--227},
	Publisher = {Elsevier},
	Title = {Privacy Practices of Internet Users: Self-reports Versus Observed Behavior},
	Volume = {63},
	Year = {2005}}

@inproceedings{spiekermann2001privacy,
	Author = {Spiekermann, Sarah and Grossklags, Jens and Berendt, Bettina},
	Booktitle = {Proceedings of the 3rd ACM conference on Electronic Commerce},
	Organization = {ACM},
	Pages = {38--47},
	Title = {E-privacy in 2nd Generation E-commerce: Privacy Preferences Versus Actual Behavior},
	Year = {2001}}

@article{laurier2001people,
	Author = {Laurier, Eric},
	Publisher = {Pion Ltd},
	Title = {Why People Say Where They Are During Mobile Phone Calls},
	Year = {2001}}

@inproceedings{palen2000going,
	Author = {Palen, Leysia and Salzman, Marilyn and Youngs, Ed},
	Booktitle = {Proceedings of the 2000 ACM conference on Computer supported cooperative work},
	Organization = {ACM},
	Pages = {201--210},
	Title = {Going Wireless: Behavior \& Practice of New Mobile Phone Users},
	Year = {2000}}

@inproceedings{chin2012measuring,
	Author = {Chin, Erika and Felt, Adrienne Porter and Sekar, Vyas and Wagner, David},
	Booktitle = {Proceedings of the Eighth Symposium on Usable Privacy and Security},
	Organization = {ACM},
	Pages = {1},
	Title = {Measuring User Confidence in Smartphone Security and Privacy},
	Year = {2012}}

@inproceedings{felt2012android,
	Author = {Felt, Adrienne Porter and Ha, Elizabeth and Egelman, Serge and Haney, Ariel and Chin, Erika and Wagner, David},
	Booktitle = {Proceedings of the Eighth Symposium on Usable Privacy and Security},
	Organization = {ACM},
	Pages = {3},
	Title = {Android Permissions: User Attention, Comprehension, and Behavior},
	Year = {2012}}

@article{acquisti2005privacy,
	Author = {Acquisti, Alessandro and Grossklags, Jens},
	Journal = {IEEE Security \& Privacy},
	Pages = {24--30},
	Title = {Privacy and Rationality in Individual Decision Making},
	Volume = {2},
	Year = {2005}}

@inproceedings{bellotti1993design,
	Author = {Bellotti, Victoria and Sellen, Abigail},
	Booktitle = {Proceedings of the Third European Conference on Computer-Supported Cooperative Work 13--17 September 1993, Milan, Italy ECSCW'93},
	Organization = {Springer},
	Pages = {77--92},
	Title = {Design for Privacy in Ubiquitous Computing Environments},
	Year = {1993}}

@incollection{jiang2002approximate,
	Author = {Jiang, Xiaodong and Hong, Jason I and Landay, James A},
	Booktitle = {Ubicomp 2002: ubiquitous computing},
	Pages = {176--193},
	Publisher = {Springer},
	Title = {Approximate Information Flows: Socially-based Modeling of Privacy in Ubiquitous Computing},
	Year = {2002}}

@inproceedings{hong2004privacy,
	Author = {Hong, Jason I and Ng, Jennifer D and Lederer, Scott and Landay, James A},
	Booktitle = {Proceedings of the 5th conference on Designing interactive systems: processes, practices, methods, and techniques},
	Organization = {ACM},
	Pages = {91--100},
	Title = {Privacy Risk Models for Designing Privacy-sensitive Ubiquitous Computing Systems},
	Year = {2004}}

@inproceedings{Egelman2015,
	Address = {New York, NY, USA},
	Author = {Serge Egelman and Raghudeep Kannavara and Richard Chow},
	Booktitle = {Proceedings of the SIGCHI Conference on Human Factors in Computing Systems},
	Date-Added = {2015-01-04 19:45:32 +0000},
	Date-Modified = {2015-01-04 19:46:27 +0000},
	Keywords = {passwords, security, user study},
	Publisher = {ACM},
	Series = {CHI '15},
	Title = {Is This Thing On? Communicating Privacy on Ubiquitous Sensing Platforms},
	Year = {2015},
	Bdsk-Url-1 = {http://doi.acm.org/10.1145/2470654.2481329},
	Bdsk-Url-2 = {http://dx.doi.org/10.1145/2470654.2481329}}

@inproceedings{Denning2014,
	Acmid = {2557352},
	Address = {New York, NY, USA},
	Author = {Denning, Tamara and Dehlawi, Zakariya and Kohno, Tadayoshi},
	Booktitle = {Proceedings of the 32Nd Annual ACM Conference on Human Factors in Computing Systems},
	Date-Added = {2015-01-03 18:51:42 +0000},
	Date-Modified = {2015-01-03 18:51:47 +0000},
	Doi = {10.1145/2556288.2557352},
	Isbn = {978-1-4503-2473-1},
	Keywords = {augmented reality, privacy, surveillance, wearable camera},
	Location = {Toronto, Ontario, Canada},
	Numpages = {10},
	Pages = {2377--2386},
	Publisher = {ACM},
	Series = {CHI '14},
	Title = {In Situ with Bystanders of Augmented Reality Glasses: Perspectives on Recording and Privacy-mediating Technologies},
	Url = {http://doi.acm.org/10.1145/2556288.2557352},
	Year = {2014},
	Bdsk-Url-1 = {http://doi.acm.org/10.1145/2556288.2557352},
	Bdsk-Url-2 = {http://dx.doi.org/10.1145/2556288.2557352}}

@misc{WearableStatNews,
	Author = {Jonah Comstock},
	Howpublished = {\url{http://mobihealthnews.com/37543/pwc-1-in-5-americans-owns-a-wearable-1-in-10-wears-them-daily/}},
	Note = {Accessed: 2014-12-19},
	Title = {PwC: 1 in 5 Americans Owns a Wearable, 1 in 10 Wears Them Daily}}

@misc{WearableExcitement,
	Author = {PricewaterhouseCoopers LLP},
	Howpublished = {\url{http://www.pwc.com/us/en/press-releases/2014/wearable-technology-future.jhtml}},
	Note = {Accessed: 2014-12-26},
	Title = {Wearable Technology Future is Ripe for Growth -- Most Notably among Millennials, Says PwC US}}

@misc{Implants,
	Author = {Keiron Monks},
	Howpublished = {\url{http://www.cnn.com/2014/04/08/tech/forget-wearable-tech-embeddable-implants/}},
	Note = {Accessed: 2014-12-26},
	Title = {Forget Wearable Tech, Embeddable Implants Are Already Here}}

@misc{Forbes,
	Author = {Ewan Spence},
	Howpublished = {\url{http://www.forbes.com/sites/ewanspence/2013/11/02/2014-will-be-the-year-of-wearable-technology/}},
	Note = {Accessed: 2014-12-19},
	Title = {2014 Will Be The Year of Wearable Technology}}

@misc{Fitbit,
	Author = {Kashmir Hill},
	Howpublished = {\url{http://www.forbes.com/sites/kashmirhill/2011/07/05/fitbit-moves-quickly-after-users-sex-stats-exposed/}},
	Note = {Accessed: 2014-12-26},
	Title = {Fitbit Moves Quickly After Users' Sex Stats Exposed}}

@misc{GlassDetection,
	Author = {Erika Morphy},
	Howpublished = {\url{http://www.forbes.com/sites/erikamorphy/2013/06/02/google-glass-drops-facial-recognition-for-now/}},
	Note = {Accessed: 2014-12-26},
	Title = {Google Glass Drops Facial Recognition (For Now)}}

@misc{cmo,
	Author = {Giselle Abramovich},
	Howpublished = {\url{http://www.cmo.com/articles/2014/6/16/Mind_Blowing_Stats_Wearable_Tech.html}},
	Note = {Accessed: 2014-12-19},
	Title = {15 Mind-Blowing Stats about Wearable Technology}}

@misc{NPD,
	Author = {Sarah Bogaty},
	Howpublished = {\url{https://www.npd.com/wps/portal/npd/us/news/press-releases/wearable-tech-device-awareness-surpasses-50-percent-among-us-consumers-according-to-npd/}},
	Note = {Accessed: 2014-12-26},
	Title = {Wearable Tech Device Awareness Surpasses 50 Percent Among US Consumers, According to NPD}}

@misc{Nilsen,
	Author = {Nilsen News},
	Howpublished = {\url{http://www.nielsen.com/us/en/insights/news/2014/tech-styles-are-consumers-really-interested-in-wearing-tech-on-their-sleeves.html}},
	Note = {Accessed: 2014-12-19},
	Title = {Are Consumers Really Interested in Wearing Tech on Their Sleeves?}}

@inproceedings{kelley2010conducting,
	Author = {Kelley, Patrick G},
	Booktitle = {Symposium on Usable Privacy and Security (SOUPS)(Redmond, WA},
	Organization = {Citeseer},
	Title = {Conducting Usable Privacy \& Security Studies with Amazon's Mechanical Turk},
	Year = {2010}}

@inproceedings{ross2010crowdworkers,
	Author = {Ross, Joel and Irani, Lilly and Silberman, M and Zaldivar, Andrew and Tomlinson, Bill},
	Booktitle = {CHI'10 Extended Abstracts on Human Factors in Computing Systems},
	Organization = {ACM},
	Pages = {2863--2872},
	Title = {Who Are the Crowdworkers?: Shifting Demographics in Mechanical Turk},
	Year = {2010}}

@inproceedings{kittur2008crowdsourcing,
	Author = {Kittur, Aniket and Chi, Ed H and Suh, Bongwon},
	Booktitle = {Proceedings of the SIGCHI conference on human factors in computing systems},
	Organization = {ACM},
	Pages = {453--456},
	Title = {Crowdsourcing User Studies with Mechanical Turk},
	Year = {2008}}

@inproceedings{kang2014privacy,
	Author = {Kang, Ruogu and Brown, Stephanie and Dabbish, Laura and Kiesler, Sara},
	Booktitle = {Symposium on Usable Privacy and Security (SOUPS)},
	Title = {Privacy Attitudes of Mechanical Turk Workers and the US Public},
	Year = {2014}}

@article{roesner2014security,
	Author = {Roesner, Franziska and Kohno, Tadayoshi and Molnar, David},
	Journal = {Communications of the ACM},
	Number = {4},
	Pages = {88--96},
	Publisher = {ACM},
	Title = {Security and Privacy for Augmented Reality Systems},
	Volume = {57},
	Year = {2014}}

@article{StarnerSpeech,
	Acmid = {612865},
	Address = {Piscataway, NJ, USA},
	Author = {Starner, Thad E.},
	Doi = {10.1109/MPRV.2002.1037727},
	Issn = {1536-1268},
	Issue_Date = {July 2002},
	Journal = {IEEE Pervasive Computing},
	Month = jul,
	Number = {3},
	Numpages = {5},
	Pages = {89--93},
	Publisher = {IEEE Educational Activities Department},
	Title = {The Role of Speech Input in Wearable Computing},
	Url = {http://dx.doi.org/10.1109/MPRV.2002.1037727},
	Volume = {1},
	Year = {2002},
	Bdsk-Url-1 = {http://dx.doi.org/10.1109/MPRV.2002.1037727}}

@inproceedings{Felt,
	Author = {Felt, Adrienne Porter and Egelman, Serge and Wagner, David},
	Booktitle = {Proceedings of the second ACM workshop on Security and privacy in smartphones and mobile devices},
	Organization = {ACM},
	Pages = {33--44},
	Title = {I've got 99 problems, but vibration ain't one: a survey of smartphone users' concerns},
	Year = {2012}}

@article{Fischhoff,
	Author = {Fischhoff, Baruch and Slovic, Paul and Lichtenstein, Sarah and Read, Stephen and Combs, Barbara},
	Journal = {Policy sciences},
	Number = {2},
	Pages = {127--152},
	Publisher = {Springer},
	Title = {How safe is safe enough? A psychometric study of attitudes towards technological risks and benefits},
	Volume = {9},
	Year = {1978}}

@inproceedings{woodruff2014would,
	Author = {Woodruff, Allison and Pihur, Vasyl and Consolvo, Sunny and Schmidt, Lauren and Brandimarte, Laura and Acquisti, Alessandro},
	Booktitle = {Symposium on Usable Privacy and Security (SOUPS)},
	Title = {Would a privacy fundamentalist sell their DNA for $1000... if nothing bad happened as a result? The Westin categories, behavioral intentions, and consequences},
	Year = {2014}}

@article{malhotra2004internet,
	Author = {Malhotra, Naresh K and Kim, Sung S and Agarwal, James},
	Journal = {Information Systems Research},
	Number = {4},
	Pages = {336--355},
	Publisher = {Informs},
	Title = {Internet users' information privacy concerns (IUIPC): the construct, the scale, and a causal model},
	Volume = {15},
	Year = {2004}}

@article{abowd2000charting,
	Author = {Abowd, Gregory D and Mynatt, Elizabeth D},
	Journal = {ACM Transactions on Computer-Human Interaction (TOCHI)},
	Number = {1},
	Pages = {29--58},
	Publisher = {ACM},
	Title = {{Charting past, present, and future research in ubiquitous computing}},
	Volume = {7},
	Year = {2000}}

@inproceedings{hoyle2014privacy,
	Author = {Hoyle, Roberto and Templeman, Robert and Armes, Steven and Anthony, Denise and Crandall, David and Kapadia, Apu},
	Booktitle = {Ubicomp 2014: Ubiquitous Computing},
	Title = {{Privacy Behaviors of Lifeloggers Using Wearable Cameras}},
	Year = {2014}}

@inproceedings{dickie2004augmenting,
	Author = {Dickie, Connor and Vertegaal, Roel and Fono, David and Sohn, Changuk and Chen, Daniel and Cheng, Daniel and Shell, Jeffrey S and Aoudeh, Omar},
	Booktitle = {Proceedings of the the 1st ACM workshop on Continuous archival and retrieval of personal experiences},
	Organization = {ACM},
	Pages = {105--109},
	Title = {{Augmenting and Sharing Memory with eyeBlog}},
	Year = {2004}}

@inproceedings{chen2010augmenting,
	Author = {Chen, Yi and Jones, Gareth JF},
	Booktitle = {Proceedings of the 1st Augmented Human International Conference},
	Organization = {ACM},
	Pages = {24},
	Title = {{Augmenting Human Memory Using Personal Lifelogs}},
	Year = {2010}}

@inproceedings{devaul2003memory,
	Author = {DeVaul, Richard W and Corey, Vicka R and others},
	Booktitle = {2012 16th International Symposium on Wearable Computers},
	Organization = {IEEE Computer Society},
	Pages = {146--146},
	Title = {{The Memory Glasses: Subliminal vs. Overt Memory Support with Imperfect Information}},
	Year = {2003}}

@inproceedings{kalnikaite2010now,
	Author = {Kalnikaite, Vaiva and Sellen, Abigail and Whittaker, Steve and Kirk, David},
	Booktitle = {Proceedings of the SIGCHI Conference on Human Factors in Computing Systems},
	Organization = {ACM},
	Pages = {2045--2054},
	Title = {{Now Let Me See Where I Was: Understanding How Lifelogs Mediate Memory}},
	Year = {2010}}

@article{chan2009smart,
	Author = {Chan, Marie and Campo, Eric and Est{\`e}ve, Daniel and Fourniols, Jean-Yves},
	Journal = {Maturitas},
	Number = {2},
	Pages = {90--97},
	Publisher = {Elsevier},
	Title = {{Smart Homes---Current Features and Future Perspectives}},
	Volume = {64},
	Year = {2009}}

@inproceedings{edwards2001home,
	Author = {Edwards, W Keith and Grinter, Rebecca E},
	Booktitle = {Ubicomp 2001: Ubiquitous Computing},
	Organization = {Springer},
	Pages = {256--272},
	Title = {{At Home with Ubiquitous Computing: Seven Challenges}},
	Year = {2001}}

@article{azuma2001recent,
	Author = {Azuma, Ronald and Baillot, Yohan and Behringer, Reinhold and Feiner, Steven and Julier, Simon and MacIntyre, Blair},
	Journal = {Computer Graphics and Applications, IEEE},
	Number = {6},
	Pages = {34--47},
	Publisher = {IEEE},
	Title = {{Recent Advances in Augmented Reality}},
	Volume = {21},
	Year = {2001}}

@article{azuma1997survey,
	Author = {Azuma, Ronald T and others},
	Journal = {Presence},
	Number = {4},
	Pages = {355--385},
	Publisher = {MIT Press},
	Title = {{A Survey of Augmented Reality}},
	Volume = {6},
	Year = {1997}}

@inproceedings{anliker2001weararm,
	Author = {Anliker, Urs and Lukowicz, Paul and Troester, Gerhard and Schwartz, Steven J and DeVaul, Richard W},
	Booktitle = {Wearable Computers, 2001. Proceedings. Fifth International Symposium on},
	Organization = {IEEE},
	Pages = {167--168},
	Title = {{The WearARM: Modular, High Performance, Low Power Computing Platform Designed for Integration into Everyday Clothing}},
	Year = {2001}}

@inproceedings{palen2003unpacking,
	Author = {Palen, Leysia and Dourish, Paul},
	Booktitle = {Proceedings of the SIGCHI conference on Human factors in computing systems},
	Organization = {ACM},
	Pages = {129--136},
	Title = {{Unpacking Privacy for a Networked World}},
	Year = {2003}}

@inproceedings{langheinrich2001privacy,
	Author = {Langheinrich, Marc},
	Booktitle = {Ubicomp 2001: Ubiquitous Computing},
	Organization = {Springer},
	Pages = {273--291},
	Title = {{Privacy by Design---Principles of Privacy-Aware Ubiquitous Systems}},
	Year = {2001}}

@article{chan2008review,
	Author = {Chan, Marie and Est{\`e}ve, Daniel and Escriba, Christophe and Campo, Eric},
	Journal = {Computer methods and programs in biomedicine},
	Number = {1},
	Pages = {55--81},
	Publisher = {Elsevier},
	Title = {{A Review of Smart Homes---Present State and Future Challenges}},
	Volume = {91},
	Year = {2008}}

@article{DiPietro,
	Acmid = {903897},
	Address = {New York, NY, USA},
	Author = {Di Pietro, Roberto and Mancini, Luigi V.},
	Doi = {10.1145/903893.903897},
	Issn = {0001-0782},
	Journal = {Commun. ACM},
	Month = sep,
	Number = {9},
	Numpages = {6},
	Pages = {74--79},
	Publisher = {ACM},
	Title = {Security and Privacy Issues of Handheld and Wearable Wireless Devices},
	Url = {http://doi.acm.org/10.1145/903893.903897},
	Volume = {46},
	Year = {2003},
	Bdsk-Url-1 = {http://doi.acm.org/10.1145/903893.903897},
	Bdsk-Url-2 = {http://dx.doi.org/10.1145/903893.903897}}
