@misc{WearableStatNews,
	Note = {Accessed: 2014-12-19},
	Title = {{PwC: 1 in 5 Americans Owns a Wearable, 1 in 10 Wears Them Daily}},
	Howpublished = {{http://mobihealthnews.com/37543/pwc-1-in-5-americans-owns-a-wearable-1-in-10-wears-them-daily/}}}

@misc{Forbes,
	Note = {Accessed: 2014-12-19},
	Title = {{2014 Will Be The Year of Wearable Technology}},
	Howpublished = {{http://www.forbes.com/sites/ewanspence/2013/11/02/2014-will-be-the-year-of-wearable-technology/}}}

@misc{CMO,
	Note = {Accessed: 2014-12-19},
	Title = {{15 Mind-Blowing Stats about Wearable Technology}},
	Howpublished = {{http://www.cmo.com/articles/2014/6/16/Mind_Blowing_Stats_Wearable_Tech.html}}}

@misc{Nilsen,
	Note = {Accessed: 2014-12-19},
	Title = {{Are Consumers Really Interested in Wearing Tech on Their Sleeves?}},
	Howpublished = {{http://www.nielsen.com/us/en/insights/news/2014/tech-styles-are-consumers-really-interested-in-wearing-tech-on-their-sleeves.html}}}

@inproceedings{kelley2010conducting,
  title={Conducting Usable Privacy \& Security Studies with Amazonâ€™s Mechanical Turk},
  author={Kelley, Patrick G},
  booktitle={Symposium on Usable Privacy and Security (SOUPS)(Redmond, WA},
  year={2010},
  organization={Citeseer}
}

@inproceedings{ross2010crowdworkers,
  title={Who Are the Crowdworkers?: Shifting Demographics in Mechanical Turk},
  author={Ross, Joel and Irani, Lilly and Silberman, M and Zaldivar, Andrew and Tomlinson, Bill},
  booktitle={CHI'10 Extended Abstracts on Human Factors in Computing Systems},
  pages={2863--2872},
  year={2010},
  organization={ACM}
}

@inproceedings{kittur2008crowdsourcing,
  title={Crowdsourcing User Studies with Mechanical Turk},
  author={Kittur, Aniket and Chi, Ed H and Suh, Bongwon},
  booktitle={Proceedings of the SIGCHI conference on human factors in computing systems},
  pages={453--456},
  year={2008},
  organization={ACM}
}

@inproceedings{kang2014privacy,
  title={Privacy Attitudes of Mechanical Turk Workers and the US Public},
  author={Kang, Ruogu and Brown, Stephanie and Dabbish, Laura and Kiesler, Sara},
  booktitle={Symposium on Usable Privacy and Security (SOUPS)},
  year={2014}
}